<?xml version="1.0" encoding="UTF-8"?><collection xmlns="http://www.loc.gov/MARC21/slim"><record><leader>00553nam--2200145-i-4500</leader><controlfield tag="001">000019916</controlfield><controlfield tag="002">20161230</controlfield><controlfield tag="005">20161230201033</controlfield><controlfield tag="008">060222s1000------------r-----000-0-eng-d</controlfield><datafield ind1=" " ind2=" " tag="080"><subfield code="a">546.02:621.039.8(061.3)</subfield></datafield><datafield ind1=" " ind2=" " tag="245"><subfield code="a">Isotopes:essential chemistry and applications. the lectures delivered at a review symposium organised by conjuntion with the university of surrey, july 23rd-25th 1979</subfield></datafield><datafield ind1=" " ind2=" " tag="260"><subfield code="a">London,The Chemical Society, 1980.Xii + 400p</subfield></datafield><datafield ind1=" " ind2=" " tag="490"><subfield code="a">The Chemical Society Special Publication</subfield></datafield><datafield ind1=" " ind2=" " tag="700"><subfield code="a">Eldvige,J.A., Jones, J.R</subfield></datafield><datafield ind1=" " ind2=" " tag="852"><subfield code="a">14038</subfield></datafield></record></collection>